@book{todd_2008,
  author = {Todd, R. Larry},
  title = {Mendelssohn Essays},
  location = {New York},
  publisher = {Routledge},
  date = {2008},
  langid = {english}
}
